<?xml version="1.0" encoding="UTF-8"?><collection xmlns="http://www.loc.gov/MARC21/slim"><record><leader>00476nam--2200181-i-4500</leader><controlfield tag="001">000032493</controlfield><controlfield tag="002">20161230</controlfield><controlfield tag="005">20161230201039</controlfield><controlfield tag="008">060222s1000------------r-----000-0-eng-d</controlfield><datafield ind1=" " ind2=" " tag="040"><subfield code="a">IFIN-HH</subfield></datafield><datafield ind1=" " ind2=" " tag="080"><subfield code="a">616-07:534.8</subfield></datafield><datafield ind1="1" ind2=" " tag="100"><subfield code="a">Wells, P.N.T</subfield></datafield><datafield ind1="1" ind2="0" tag="245"><subfield code="a">Physical principles of ultrasonic diagnosis</subfield><subfield code="c">P.n.t. wells</subfield></datafield><datafield ind1=" " ind2=" " tag="260"><subfield code="a">London, Academic Press, 1969</subfield></datafield><datafield ind1=" " ind2=" " tag="300"><subfield code="a">282 p</subfield></datafield><datafield ind1=" " ind2=" " tag="490"><subfield code="a">Medical Physics Series</subfield></datafield><datafield ind1=" " ind2=" " tag="852"><subfield code="a">46652</subfield><subfield code="c">534</subfield></datafield><datafield ind1=" " ind2=" " tag="CAT"><subfield code="a">Sys</subfield><subfield code="c">20101008</subfield><subfield code="h">114353</subfield></datafield></record></collection>